
\@misc{httpUrl,
  title = "{HttpURLConnection}",
  url = "https://docs.oracle.com/javase/8/docs/api/java/net/HttpURLConnection.html",
  urldate = "10.03.2020",
  year = "2021",
  language = "russian",
  media = "eresource"
}

\@misc{SAA,
  title = "{Single Activity Application}",
  url = "https://proandroiddev.com/part-3-single-activity-architecture-514791724172",
  urldate = "1.03.2020",
  year = "2021",
  language = "russian",
  media = "eresource"
}

\@misc{polling,
  title = "{Polling}",
  url = "https://en.wikipedia.org/wiki/Polling\_(computer\_science)",
  urldate = "16.02.2020",
  year = "2021",
  language = "russian",
  media = "eresource"
}

\@misc{rest,
  title = "{REST Api}",
  url = "https://habr.com/ru/post/483202/",
  urldate = "25.02.2020",
  year = "2021",
  language = "russian",
  media = "eresource"
}
